@BOOK{isaacsfinitegrouptheory,
	AUTHOR = "I.M. Isaacs",
	TITLE = "Finite Group Theory",
	PUBLISHER = "American Mathematical Society",
	YEAR = 2008
}

@BOOK{gorensteinfinitegroups,
	AUTHOR = "D. Gorenstein",
	TITLE = "Finite Groups",
	PUBLISHER = "Chelsea Publishing Company",
	YEAR = 1980
}